Track Fit
@article{PDG2,
  author="W-M~Yao, and others",
  title="Review of Particle Physics",
  journal="J.~Phys.~G:~Nucl.~Part.~Phys.",
  volume="33",
  number="1",
  pages="1",
  url="http://stacks.iop.org/0954-3899/33/i=1/a=001",
  year="2006",
}

@article{Highland,
    title = "Some practical remarks on multiple scattering ",
    journal = "Nucl.~Instrum.~Methods",
    volume = "129",
    number = "2",
    pages = "497 - 499",
    year = "1975",
    note = "",
    issn = "0029-554X",
    doi = "http://dx.doi.org/10.1016/0029-554X(75)90743-0",
    url = "http://www.sciencedirect.com/science/article/pii/0029554X75907430",
    author = "V.~L.~Highland",
}

@article{Fruhwirth,
      author       = "R.~Fruhwirth",
      title        = "Application of Kalman filtering to track and vertex fitting",
      journal      = "Nucl.~Instrum.~Methods~Phys.~Res.~A",
      number       = "HEPHY-PUB-503",
      volume       = "262",
      pages        = "444. 19 p",
      month        = "Jun",
      year         = "1987",
}

@article{Billoir,
    author = "P.~Billoir",
    title = "Track fitting with multiple scattering: A new method ",
    journal = "Nucl.~Instrum.~Methods",
    volume = "225",
    number = "2",
    pages = "352 - 366",
    year = "1984",
    issn = "0167-5087",
    doi = "http://dx.doi.org/10.1016/0167-5087(84)90274-6",
}
url = "http://www.sciencedirect.com/science/article/pii/0167508784902746",

@book{Goodwin,
    author = "Goodwin, G.C. and Sang~Sin, K.",
    title = "Adaptive filtering prediction and control",
    publisher = "Prentice-Hall",
    year = "1984",
}

MICE Entries
////////////////////////////////////////////////////////////////////////////////////////
Journal and arXiv Papers
@misc{MausPaper,
      author = "Rajaram, D.",
      title = "{MAUS: The MICE Analysis and User Software}",
      note = "Currently in production",
}
      
@article{MiceBeamline,
      author         = "Bogomilov, M. and others",
      title          = "{The MICE Muon Beam on ISIS and the beam-line instrumentation of the Muon Ionization Cooling Experiment}",
      journal        = "JINST",
      volume         = "7",
      pages          = "P05009",
      doi            = "10.1088/1748-0221/7/05/P05009",
      year           = "2012",
      eprint         = "1203.4089",
      archivePrefix  = "arXiv",
      reportNumber   = "FERMILAB-PUB-12-886-APC",
      SLACcitation   = "%%CITATION = ARXIV:1203.4089;%%",
}
@article{MiceTOFEmittance,
      author         = "Adams, D. and others",
      title          = "{Characterisation of the muon beams for the Muon Ionisation Cooling Experiment}",
      collaboration  = "MICE Collaboration",
      journal        = "Eur.Phys.J.",
      volume         = "C73",
      pages          = "2582",
      doi            = "10.1140/epjc/s10052-013-2582-8",
      year           = "2013",
      eprint         = "1306.1509",
      archivePrefix  = "arXiv",
      primaryClass   = "physics.acc-ph",
      reportNumber   = "FERMILAB-PUB-13-602-APC",
      SLACcitation   = "%%CITATION = ARXIV:1306.1509;%%",
}
@article{MiceTarget,
      author         = "Booth, C.N. and Hodgson, P. and Howlett, L. and Nicholson, R. and Overton, E. and others",
      title          = "{The design, construction and performance of the MICE target}",
      journal        = "JINST",
      volume         = "8",
      pages          = "P03006",
      doi            = "10.1088/1748-0221/8/03/P03006",
      year           = "2013",
      eprint         = "1211.6343",
      archivePrefix  = "arXiv",
      primaryClass   = "physics.ins-det",
      reportNumber   = "MICE-PUB-BEAM-392-IC-HEP-12-07-RAL-P-2012-006, MICE-PUB-BEAM-392, IC-HEP-12-07, RAL-P-2012-007",
      SLACcitation   = "%%CITATION = ARXIV:1211.6343;%%",
}
@article{MiceTrackers,
      author         = "Ellis, M. and Hobson, P.R. and Kyberd, P. and Nebrensky, J.J. and Bross, A. and others",
      title          = "{The Design, construction and performance of the MICE scintillating fibre trackers}",
      journal        = "Nucl.Instrum.Meth.",
      volume         = "A659",
      pages          = "136-153",
      doi            = "10.1016/j.nima.2011.04.041",
      year           = "2011",
      eprint         = "1005.3491",
      archivePrefix  = "arXiv",
      primaryClass   = "physics.ins-det",
      reportNumber   = "MICE-NOTE-254, FERMILAB-PUB-09-259-APC, IC-PRE-09-01",
      SLACcitation   = "%%CITATION = ARXIV:1005.3491;%%",
}
@article{NIMA_TOF,
  title = "The design and commissioning of the {MICE} upstream time-of-flight system",
  author = "R. Bertoni et al.",
  journal = "{Nucl. Instr. and Meth.}",
  volume = "A615",
  pages = "14 - 26",
  year = "2010",
}
@article{KenMice,
  author = "D M Kaplan and K Long",
  title = "{MICE}: {T}he {I}nternational {M}uon {I}onization {C}ooling {E}xperiment",
  journal = "\href{http://arxiv.org/abs/0707.1915v1}{arXiv:0707.1915v1 [physics.acc-ph]}",
}
Proceedings
@inproceedings{TargetEPAC,
  author = "C. Booth and P. Hodgson and L. Howlett and M.T. Mohammad and R. Nicholson and P. J. Smith and N. Schofield",
  title = "Design and operational experience of the {MICE} target",
  booktitle = "Proceedings of EPAC08",
  year = "2008",
  note = "{ID}: 4227 - {WEPP}110",
}
@inproceedings{IPAC10-MuonBeam,
  author = "A.J. Dobbs and D.J. Adams and M. Apollonio and K.R. Long and J. Pasternak",
  title = "The {MICE} Muon Beam: Status and Progress",
  booktitle = "IPAC10 Proceedings",
  year = "2010",
  note = "{WEPE054}"
}
@inproceedings{TargetOpp_IPAC10,
  author = "P. Hodgson and C.N. Booth and P.J. Smith",
  title = "{MICE} target operation and monitoring",
  booktitle = "IPAC10 Proceedings",
  year = "2010",
  note = "{WEPE}062",
}
@inproceedings{TargetDesign_IPAC10,
  author = "P. Hodgson and C.N. Booth and P.J. Smith and J. Tarrant",
  title = "{MICE} target hardware",
  booktitle = "IPAC10 Proceedings",
  year = "2010",
  note = "{WEPE}063",
}
@inproceedings{PID_DIPAC09,
  author = "V. Verguilov and V. Palladino",
  title = "{Particle Identification Devices in MICE}",
  booktitle = "DIPAC09 Proceedings",
  year = "2009",
  note = "{TUPD15}",
}
@inproceedings{PID_IPAC10,
  author = "M.A. Rayner and M. Bonesini",
  title = "The {MICE} {PID} Detector System",
  booktitle = "IPAC10 Proceedings",
  year = "2010",
  note = "{MOPE}079",
}
@inproceedings{ParticleProduction_IPAC10,
  author = "L. Coney and A. Dobbs and Y. Karadzhov",
  title = "Particle Production in the {MICE} Beamline",
  booktitle = "IPAC10 Proceedings",
  year = "2010",
  note = "{WEPE}079",
}
@inproceedings{BeamLossAndParticleRate_PAC11,
  author = "A. Dobbs and K. Long and A. Alekou",
  title = "The {MICE} Muon Beamline and induced host accelerator beam loss",
  booktitle = "PAC11 Proceedings",
  year = "2011",
  note = "MOP021. Extracts Copyright IEEE.",
}
Theses
@phdthesis{ChrisRogersThesis,
  title = "Beam Dynamics in an Ionisation Cooling Channel",
  author = "Chris Rogers",
  school = "Imperial College, University of London",
}
@phdthesis{PaulSmithThesis,
  author = "Paul Smith",
  title = "The Development of the Target Mechanism for the {Muon Ionisation Cooling Experiment (MICE)}",
  year = "2010",
  school = "{Department of Physics and Astronomy, Univeristy of Sheffield}",
}
Unpublished
@unpublished{MiceLOI,
  author = "A. {B}londel et al",
  title = "Letter of {I}ntent: {A}n {I}nternational {M}uon {I}onization {C}ooling {E}xperiment ({MICE})",
  year = "2002",
  note = "{MICE} {N}ote 1, {MICE-NOTE-GEN-0001}",
}
@unpublished{Cerenkovs,
  author = "R. Godang and D. Summers and L. Cremaldi",
  title = "{MICE} upstream {C}herenkov detector",
  note = "{MUCOOL} note, {NFMCC}-doc-304-v1",
}
@unpublished{BeamBump,
  author = "D. Adams and M. Popovic",
  title = "Vertical Orbit Bump Perturbations at the {MICE} Target",
  note = "{MICE} {N}ote 284, {MICE-NOTE-BEAM-0284}",
  year = "2010",
}

NuSTORM
////////////////////////////////////////////////////////////////////////////////////////
@article{nuSTORM-Steriles,
  author         = "Adey, D. and others",
  title          = "{Light sterile neutrino sensitivity at the nuSTORM facility}",
  collaboration  = "nuSTORM Collaboration",
  journal        = "Phys.Rev.",
  volume         = "D89",
  pages          = "071301",
  doi            = "10.1103/PhysRevD.89.071301",
  year           = "2014",
  eprint         = "1402.5250",
  archivePrefix  = "arXiv",
  primaryClass   = "hep-ex",
  reportNumber   = "FERMILAB-PUB-14-043-APC-PPD",
  SLACcitation   = "%%CITATION = ARXIV:1402.5250;%%",
}

NuFact Entries
////////////////////////////////////////////////////////////////////////////////////////
@article{CavitiesAndMagets,
  author = "Diktys Stratakis and Juan Gallardo and Robert Palmer",
  title = "Effects of external magnetic fields on the operation of high-gradient accelerating structures",
  journal = "Nuclear Instruments and Methods in Physics Research A",
  volume = "620",
  pages = "147 - 154",
  year = "2010",
}
@article{MagicBaseline,
  author = "Patrick Huber and Walter Winter",
  title = "Neutrino Factories and the {'}Magic{'} Baseline",
  year = "2003",
  note = "\href{http://arxiv.org/abs/hep-ph/0301257v2}{arXiv:hep-ph/0301257v2}",
}
@article{IDR,
  title = "International Design Study for the Neutrino Factory: Interim Design Report",
  author = "The IDS-NF collaboration",
  year = "2011",
  note = "{IDS-NF-020}. \url{https://www.ids-nf.org/wiki/FrontPage/Documentation}",
}
@article{ISS-Physics,
  author = "{I}nternational {S}coping {S}tudy {P}hysics {W}orking {G}roup",
  title = "Physics at a future {Neutrino Factory} and {Superbeam} facility",
  journal = "Rep. Prog. Phys.",
  year = "2009",
  volume = "72",
  pages = "106201",
  note = "\href{http://arxiv.org/abs/0710.4947v3}{arXiv:hep-ph/0710.4947v2}",
}
@article{ISS-Accelerator,
  author = "{International Scoping Study Accelerator Working Group}",
  title = "Accelerator design concept for future neutrino facilities",
  journal = "Journal of Instrumentation",
  volume = "4",
  year = "2009",
  pages = "P07001",
  note = "\href{http://arxiv.org/abs/0802.4023v2}{arXiv:0802.4023v2}",
}
@article{ISS-Detector,
  author = "International Scoping Study Detector Working Group",
  title = "Detectors and ﬂux instrumentation for future neutrino facilities",
  year = "2007",
  note = "\href{http://uk.arxiv.org/abs/0712.4129v1}{arXiv:0712.4129v1}",
}
@inproceedings{PowderJet,
  author = "C.J. Densham et al",
  title = "The Potential of Fluidised Powder Target Technology in High Power Accelerator Facilities",
  journal = "Proceedings of the 23rd Particle Accelerator Conference (PAC09)",
  year = "2009",
  note = "WE1GRC04",
}
@inproceedings{SolidTarget,
  author = "G.P. Skoro et al",
  title = "Solid Target for a {N}eutrino {F}actory",
  booktitle = "Proceedings of the 23rd Particle Accelerator Conference (PAC09)",
  year = "2009",
  note = "WE6RFP039",
}
@unpublished{Feasiblity2,
  title = "Feasibility Study-{II} of a Muon-Based Neutrino Source",
  author = "S. Ozaki et al.",
  year = "2001",
  note = "BNL-52623",
}

Muon Collider Entries
////////////////////////////////////////////////////////////////////////////////////////
@article{MC_Cooling,
  title = "A Complete Scheme of Ionization Cooling for a Muon Collider",
  author = "R. Palmer et al.",
  journal = "\href{http://arxiv.org/abs/0711.4275v1}{arXiv:0711.4275v1}", 
}
@article{MC_Overview,
  title = "Muon {C}olliders and {N}eutrino {F}actories",
  author = "Steve Geer",
  journal = "Annual Review of Nuclear and Particle Science",
  volume = "59",
  pages = "345 - 367",
  year = "2009",
}
@unpublished{MiceEmittance,
  title = "Beam Envelope Equations in a Solenoidal Field",
  author = "G. Penn",
  year = "2000",
  note = "Muon Collider Note 71, Revision 1",
}

Theory Entries
////////////////////////////////////////////////////////////////////////////////////////
@article{NuParam,
  author = "T. Schwetz and M.A. Tortola and J.W.F. Valle",
  title = "Three-Flavour Neutrino Oscillation Update",
  journal = "New Journal of Physics",
  year = "2008",
  note = "113011",
}
@book{Zuber,
  author = "Kai Zuber",
  title = "Neutrino Physics",
  publisher = "IOP",
  year = "2004",
}
@article{SterileNu,
  title = {Combined analysis of short-baseline neutrino experiments in the $(3+1)$ and $(3+2)$ sterile neutrino oscillation hypotheses},
  author = {Sorel, M.  and Conrad, J. M. and Shaevitz, M. H.},
  journal = {Phys. Rev. D},
  volume = {70},
  number = {7},
  pages = {073004},
  numpages = {16},
  year = {2004},
  month = {Oct},
  doi = {10.1103/PhysRevD.70.073004},
  publisher = {American Physical Society}
}
@book{Frodensen,
  author = "A. G. Frodensen and O. Skjeggestad and H. Tofte",
  title = "Probability and Statistics in Particle Physics",
  publisher = "Universitetsforlaget, Bergen, Norway",
  year = "1979",
  pages = "259",
}

Accelerator Entries
////////////////////////////////////////////////////////////////////////////////////////
@article{RALNuFact,
  title = "The Synchrotron Option for a Multi-Megawatt Proton Driver",
  journal = "Nuclear Physics B - Proceedings Supplements",
  volume = "155",
  number = "1",
  pages = "312--314",
  year = "2006",
  note = "Proceedings to the 7th International Workshop on Neutrino Factories and Superbeams",
  issn = "0920-5632",
  doi = "DOI: 10.1016/j.nuclphysbps.2006.02.110",
  url = "\url{http://www.sciencedirect.com/science/article/B6TVD-4JGSB5M-3B/2/fdb33922f89913005586773d075ab6ec}",
  author = "C.R. Prior"
}
@article{Skrinsky,
  author = "A.N. Skrinsky and V.V. Parkhomchuk",
  title = "Cooling methods for beams of charged particles",
  journal = "Sov. J. Part. Nucl.",
  volume = "12",
  year = "1981",
  pages = "223 - 247",
}
@article{Neuffer,
  author = "David Neuffer",
  title = "Principles and Applications of Muon Cooling",
  year = "1983",
  journal = "Part. Accel.",
  volume = "14",
  pages = "75",
}
@book{Wilson,
  author = "Edmund Wilson",
  title = "An {I}ntroduction to {P}article {A}ccelerators",
  publisher = "{O}xford {U}niversity {P}ress",
  year = "2001",
}
@book{Wiedemann,
  author = "Helmut Wiedemann",
  title = "Particle Accelerator Physics, 3rd edition",
  publisher = "Springer",
  year = "2007",
}
@inproceedings{ISISUpgrade,
  author = "D.J. Adams and I.S.K. Gardner and C.R. Prior and G.H. Rees and C.M. Warsop",
  title = "Possible Megawatt Upgrades for {ISIS}",
  journal = "Proc. 7th European Particle Accelerator Conference (EPAC2000)",
  month = "June",
  year = "2000",
}
@inproceedings{ProjectX,
  author = "M. Popovic",
  title = "Project {X} and a Muon Facility at {F}ermilab",
  year = "2010",
  booktitle = "{AIP} Conference Proceedings",
  volume = "1222",
  pages = "336--338",
  note = "\url{http://link.aip.org/link/?APC/1222/336/1}",
}

Other Experiments Entries
////////////////////////////////////////////////////////////////////////////////////////
@article{Goldhaber,
  title = {Helicity of Neutrinos},
  author = {Goldhaber, M.  and Grodzins, L.  and Sunyar, A. W.},
  journal = {Phys. Rev.},
  volume = {109},
  number = {3},
  pages = {1015--1017},
  numpages = {2},
  year = {1958},
  month = {Feb},
  doi = {10.1103/PhysRev.109.1015},
  publisher = {American Physical Society},
}
@article{SuperK,
  author = "The Super-Kamiokande collaboration",
  title = "Evidence for oscillation of atmospheric neutrinos",
  journal = "Phys. Rev. Lett.",
  volume = "81",
  year = "1998",
  pages = "1562--1567",
}
@article{NuOscDiscovery,
  author = "Takaaki Kajita",
  title = "Discovery of neutrino oscillations",
  journal = "Rep. Prog. Phys.",
  volume = "69",
  pages = "1607--1635",
  year = "2006",
}
@article{SNO,
  author = "SNO collaboration",
  title = "Direct evidence for neutrino flavor tranformation from neutral-current interactions in the {S}udbury {N}eutrino {O}bservatory",
  journal = "Phys. Rev. Lett.",
  volume = "89",
  year = "2002",
  note = "No. 1, 011301",
}
@article{KamLand,
  author = "The KamLAND collaboration",
  title = "Measurement of neutrino oscillation with {K}am{LAND}: evidence of spectral distortion",
  journal = "Phys. Rev. Lett.",
  volume = "94",
  year = "2005",
  note = "081801",
}
@article{KatrinLOI,
  author = "{KATRIN} collaboration",
  title = "{KATRIN} Letter of Intent",
  journal = "\href{http://arxiv.org/abs/hep-ex/0109033v1}{arXiv:hep-ex/0109033v1}",
}
@article{NEMO3,
  author = "The {NEMO} Collaboration",
  title = "Study of 2b-decay of {Mo}-100 and {Se}-82 using the {NEMO}3 detector",
  journal = "JETPLett",
  volume = "80",
  pages = "377--381",
  year = "2004",
  note = "\href{http://arxiv.org/abs/hep-ex/0410021v1}{arXiv:hep-ex/0410021v1}",
}
@article{DONUT,
  author = "DONUT Collaboration",
  title = "Observation of Tau Neutrino Interactions",
  journal = "Physics Letters B",
  volume = "504",
  pages = "218--224",
  year = "2001",
}
@article{Tau,
  author = "M.L. Perl et al",
  title = "Evidence for Anomalous Lepton Production in e+e-- Annihilation",
  journal = "Phys. Rev. Lett.",
  volume = "35",
  number = "22",
  pages = "1489--1492",
  year = "1975",
}
@article{KLOE,
  author = "{KLOE} Collaboration",
  title = "The {KLOE} electromagnetic calorimeter",
  journal = "Nucl. Instr. and Meth. A",
  volume = "494",
  pages = "326--331",
  year = "2002",
}
@article{DoubleCHOOZ,
  author = "F. Ardellier et al.",
  title = "Double {CHOOZ}: A Search for the Neutrino Mixing Angle $\theta_{13}$",
  year = "2006",
  note = "\href{http://arxiv.org/abs/hep-ex/0606025v4}{arXiv:hep-ex/0606025v4}",
}

Code Entires
////////////////////////////////////////////////////////////////////////////////////////
@article{GEANT4,
  author = "S. Agnostinelli et al.",
  title = "Geant4 {-} a simulation toolkit",
  journal = "Nucl. {I}nst. {M}eth. {A}",
  year = "2003",
  volume = "506",
  pages = "250",
}
@article{ROOT,
  author = "R. Brun and F. Rademakers",
  title = "ROOT - An Object Oriented Data Analysis Framework",
  journal = "Nucl. {I}nst. {M}eth. {A}",
  year = "1997",
  volume = "389",
  pages = "81--86",
  note = "\href{http://root.cern.ch/}{http://root.cern.ch/}",
}
@misc{CLHEP,
  note = "\href{http://cern.ch/clhep}",
}
@inproceedings{G4BeamLine,
  author = "Thomas J. Roberts and Daniel M. Kaplan",
  title = "{G4BeamLine} programme for matter dominated beamlines",
  booktitle = "Proceedings of PAC07",
  year = "2007",
  note = "THPAN103",
}
@inproceedings{OrbitPac99,
  author = "J. Galambos et al",
  title = "{ORBIT} - A ring injection code with space charge",
  booktitle = "Proceedings of PAC99",
  year = "1999",
  note = "{THP82}",
}
@techreport{OrbitManual,
  author = "J.D. Galambos and J.A. Holmes and D.K. Olsen and A. Luccio and J. Beebee-Wang",
  title = "{ORBIT} User Manual, version 1.10",
  institution = "SNS/ORNL/AP",
  year = "1999",
  number = "011",
  note = "See \url{http://neutrons.ornl.gov/APGroup/Codes/orbit.htm}",
}

@inproceedings{MapReduce,
  author = "J. Dean and S. Ghemawat",
  title = "{MapReduce}: Simplified Data Processing on Large Clusters",
  institution = "Google Inc.",
  year = "2004",
  booktitle = "Proceedings of {OSDI}04",
  note = "\href{http://research.google.com/archive/mapreduce.html}{http://research.google.com/archive/mapreduce.html}",
 }

Miscellaenous Entries
////////////////////////////////////////////////////////////////////////////////////////
@article{PDG,
  author = "{K. Nakamura et al. (Particle Data Group)}",
  title = "{The Review of Particle Physics}",
  journal = "J. Phys. G",
  note = "075021",
  year = "2010",
}



